4074 5252
618 252 724 348 sa
755 255 795 346 c
823 186 984 346 t'ro
1044 253 1109 346 aa
1186 301 1189 310 ·
1407 257 1470 380 st

191 487 221 548 n
252 447 468 546 inciusrve
498 444 648 578 ptimo
680 440 964 559 decrescent,
995 438 1154 534 deinde
1184 437 1380 536 cresccre
1420 445 1536 541 inci·

195 609 355 728 pient,
385 617 660 720 pergentqee
692 596 922 716 divergere
954 597 1002 686 in
1045 593 1322 690 insanitum.
1366 597 1537 716 Expin-

194 779 294 852 rata
325 751 386 849 esi
417 757 572 872 itaque
603 773 766 844 natura
794 752 1052 867 setinum,
1097 775 1193 870 que
1223 749 1539 870 proponeban-

196 935 297 1008 tut.
325 913 387 1026 Q·
418 909 469 998 E.
497 907 551 1003 F.

597 1291 1020 1388 ‹COROLL
1091 1293 1127 1384 Ι.

714 1675 758 1797 a.
819 1653 1024 1768 nxxnr.

222 2043 862 2190 ¹·1·lincprinrn-cosliginrus
903 2059 1169 2154 Binomiutn
1216 2093 1399 2185 quoque
1437 2074 1549 2168 Car·

199 2225 417 2318 danicum
447 2241 544 2316 tam
573 2221 624 2310 in
655 2219 795 2308 Series
827 2215 1109 2332 divergentes
1124 2281 1144 2335 ‚
1184 2245 1322 2336 quam
1352 2219 1404 2314 i'n
1436 2253 1549 2318 con·

207 2393 442 2492 sergentes
471 2370 624 2463 enolvi
641 2436 658 2490 ‚
698 2367 791 2460 soie
822 2368 1131 2462 membrorum
1176 2377 1551 2498 permutatione,

201 2524 460 2648 seriesque,
491 2553 587 2643 quar
619 2518 978 2641 (§.xx1v.xxv1)
1010 2525 1234 2622 continuo
1277 2525 1552 2650 crescentes,

207 2661 346 2804 atque
379 2676 545 2774 valoris
576 2677 756 2770 infinite
782 2675 942 2794 magni
980 2674 1283 2796 prosecant,
1324 2679 1423 2774 sieri
1454 2709 1554 2776 mo·
1599 2679 1602 2695 '

203 2831 267 2921 rio
300 2825 630 2946 decrescentes,
676 2827 831 2920 eadem
865 2845 1081 2919 manente
1125 2829 1327 2922 Binnnrii
1370 2837 1555 2952 quanti·

204 3003 326 3074 tate.
357 2987 467 3096 Quae
497 2982 638 3096 igitur
677 2977 968 3104 (saxam.)
1011 2983 1131 3072 circa
1173 2985 1452 3103 quantitates
1491 2987 1553 3080 ir·

208 3133 453 3228 rationales
493 3153 593 3226 turn
635 3134 773 3226 reales
814 3161 917 3230 cunr
969 3132 1116 3225 forma
1161 3135 1271 3227 reali
1311 3159 1556 3234 contentas

205 3286 497 3402 deduximus,
524 3287 584 3376 'iis
614 3313 798 3408 quoque
838 3287 1120 3378 conveniunt
1161 3316 1296 3410 qua,
1336 3288 1445 3383 dum
1479 3321 1558 3385 va·

207 3438 306 3534 iore
338 3437 519 3557 quidem
550 3437 740 3561 praeditae
771 3435 875 3531 sunt
906 3437 1016 3532 reali
1047 3505 1064 3564 ‚
1108 3435 1187 3536 sub
1227 3438 1377 3538 forma
1412 3447 1561 3568 appa,

210 3611 314 3688 tent
345 3593 645 3710 imaginaria.
1367 3591 1370 3596 ’
