4074 5252
659 255 1165 364 sacriora
1372 223 1376 234 ’
1459 277 1518 392 69
1689 365 1690 369 ψ
1787 327 1793 338 ·

252 461 424 564 mendis
456 459 662 557 consulto
697 489 788 554 non
822 480 1008 554 caveat.
1040 467 1220 578 Integra
1263 477 1415 554 autern
1457 459 1586 554 series

185 621 202 634 ”
253 637 390 738 atque
421 619 510 710 stne
542 613 632 705 fine
664 613 949 733 progrediens
980 612 1107 706 suum
1149 612 1242 732 ipsa
1285 611 1590 732 complemen-

253 794 353 864 tum
399 769 618 887 implicite
662 767 838 883 trahit,
881 768 983 882 ira,
1029 783 1080 856 ut
1120 765 1440 886 operationes,
1491 791 1587 882 quae

252 921 579 1042 AEquationenr
609 921 775 1014 Seriem
808 913 1154 1034 complecientes
1187 913 1435 1008 volutando
1465 913 1588 1006 insti·

257 1095 474 1190 tuantur,
507 1075 553 1162 in
595 1070 938 1188 complementis
978 1069 1105 1164 stmul
1152 1066 1404 1166 virtualiter
1445 1065 1543 1180 lieri
1572 1067 1624 1184 ,'

261 1224 549 1342 iudicandum
582 1223 659 1322 stt.
691 1219 900 1312 valorem
933 1219 1122 1338 proinde
1152 1218 1359 1335 finitum,
1393 1217 1510 1332 unde
1528 1214 1592 1308 se-

260 1375 603 1492 riescompleta
635 1401 712 1490 par
742 1369 1051 1464 evolutionem
1080 1373 1284 1488 gignitur
1309 1389 1329 1488 ,'
1365 1397 1451 1488 pro
1481 1366 1590 1460 serie

261 1525 354 1648 ipsa
387 1523 667 1644 usurpando,
708 1518 912 1620 &uersa
959 1524 1104 1640 vice,
1149 1518 1336 1643 perinde
1373 1518 1435 1616 etr
1464 1515 1595 1612 acli-

110 1765 114 1774 .
266 1669 1089 1795 mmfflmpmmfflmfflm

590 2019 1275 2112 scuotrourn.

812 2332 852 2454 r.
923 2331 1064 2425 tva

390 2657 502 2774 Qua
531 2645 742 2748 hellenus
775 2657 895 2748 clrca
925 2651 1106 2746 seriesa
1136 2651 1600 2750 fraliionibusoriun·

269 2805 348 2899 clas
379 2805 693 2923 differuimus,
745 2807 799 2897 ad
845 2835 918 2897 eas
948 2803 1086 2900 modo
1117 2809 1348 2902 transferri
1392 2807 1601 2924 debent,

273 2987 371 3078 qna
413 2985 441 3049 a
478 2957 752 3050 Potestatum
793 2941 954 3050 indicis
998 2951 1126 3048 stalli
1173 2959 1435 3052 evolutione
1475 2985 1607 3077 gene·

278 3127 461 3202 rantur.
491 3107 675 3202 Etiamlr
707 3108 903 3226 resrduo,
948 3128 999 3202 ut
1044 3111 1091 3200 in
1133 3104 1460 3230 frallionibuS,
1500 3133 1604 3230 pro-

277 3263 374 3380 prie
399 3279 626 3376 careant,
670 3255 967 3378 complementis
1009 3280 1165 3352 tamen
1207 3235 1495 3382 nequaquanr
1531 3287 1606 3354 ca·

278 3438 375 3504 rere
406 3407 682 3504 videbimus.
714 3409 966 3528 Alioquin,
1011 3437 1116 3504 curn
1160 3410 1246 3506 seis
1287 3409 1386 3532 ipsae
1425 3438 1607 3550 ortoque
1703 3527 1706 3530 Ι

275 3559 617 3655 difficultatibus
648 3553 960 3680 afficiantur(
994 3561 1030 3680 l.
1061 3589 1163 3657 xtr.
1190 3561 1243 3684 ),
1283 3594 1397 3686 quos
1435 3566 1485 3655 in
1516 3561 1605 3653 illis

275 3717 499 3806 extricare
530 3713 685 3804 conati
713 3707 892 3828 sumus,
924 3711 1110 3803 nodilo
1143 3709 1607 3840 huiusmodi-seriebus

255 3865 461 3982 'penitus
488 3859 822 3956 inextricabiles·
851 3857 1231 3986 relinquerentur.

1130 4483 1140 4490 '⁵
1195 4481 1212 4493 ⁹
1256 4479 1287 4524 ⁵
1346 4478 1580 4642 ἧκον(
