4074 5252
486 272 545 380 ⁶4
848 259 1220 354 suerro
1282 263 1342 354 rr.

426 454 650 572 gignitur,
685 459 743 542 ne
773 453 1029 571 comparari
1058 453 1241 573 quidem
1269 455 1352 546 rite
1383 453 1556 574 potest,
1577 450 1752 547 *nedum

422 606 502 725 ipsr
533 606 723 724 aquari.
753 607 875 696 Hinc
903 607 1058 724 'prima
1088 604 1369 698 difficultatis
1399 609 1535 698 initio
1568 607 1751 724 prolatu

423 741 452 874 ('
476 769 512 854 S.
544 787 678 848 narr.
709 753 731 876 )
763 757 1011 874 plenariam
1043 755 1315 850 solutione-m
1362 757 1557 872 colligi,
1602 755 1749 848 series-

423 937 512 1025 que
543 907 833 1030 divergentes.
854 909 910 1014 ab
943 908 1118 1026 injuriis
1163 911 1419 1025 uindicari,
1466 937 1603 998 nemo
1643 907 1751 1025 est,

424 1063 501 1178 qui
538 1058 687 1178 perse
718 1057 761 1150 se
793 1090 886 1152 non
920 1059 1185 1178 cognoscat.
1215 1061 1297 1151 Sed
1328 1055 1376 1154 ὃ(
1408 1060 1536 1152 alteri
1569 1089 1754 1177 quoque

416 1213 649 1304 uberrime
680 1211 882 1302 satisfieri
928 1212 1088 1331 polle,
1135 1214 1325 1306 dilucide
1367 1233 1587 1332 apparet.
1632 1215 1751 1303 Cum

423 1365 545 1454 enim
579 1361 793 1481 ejusmodi
827 1361 990 1481 seriem
1017 1360 1423 1457 nilal'todreuera
1466 1367 1749 1482 exprimant,

423 1545 559 1634 quam
593 1515 778 1607 eandem
813 1519 1116 1633 quantitatem
1150 1547 1176 1606 a
1206 1546 1294 1635 qua
1320 1545 1398 1635 per
1430 1513 1749 1608 resolutionem

423 1665 523 1759 sunt
557 1691 724 1782 enatae,
757 1697 963 1784 aqueae
995 1667 1092 1786 ipsae
1125 1690 1448 1783 convergentes
1479 1666 1636 1786 series,
1662 1671 1746 1758 im·

424 1821 578 1939 plicite
610 1820 686 1911 lua
718 1847 902 1938 quaque
933 1817 1245 1939 inseparabilia
1290 1815 1588 1940 Complementa
1628 1847 1751 1913 com·

424 1967 690 2090 plectentes,
732 1971 867 2090 longe
909 1971 1067 2088 abest,
1110 1991 1159 2064 ut
1193 1999 1246 2068 ex
1280 1973 1469 2064 Mathesr
1515 1969 1640 2092 rejici
1681 1971 1754 2062 de-

424 2125 587 2236 beant,
623 2125 701 2214 nisr
743 2123 900 2216 eodem
947 2121 1042 2240 jure
1082 2121 1130 2216 lit
1173 2146 1501 2244 convergentes
1546 2124 1758 2236 rejiciam

425 2297 524 2368 tur.
552 2281 681 2369 Tuto
711 2275 899 2394 proinde
919 2275 1278 2368 concludendum
1294 2275 1392 2396 est,¹
1411 2277 1588 2368 finitam
1611 2303 1752 2392 quan-

425 2431 608 2518 titatem
641 2425 758 2517 unde
788 2429 1025 2543 oriuntur,
1058 2457 1141 2545 pro
1173 2429 1265 2546 ipsa
1297 2427 1430 2546 serie,
1463 2427 1509 2523 ἂ
1537 2427 1660 2522 versa
1686 2426 1750 2514 ri-

426 2607 502 2694 ce,
535 2575 648 2669 sumi
689 2581 849 2696 polle,
890 2580 1111 2672 incolumi
1150 2583 1388 2698 equalium
1443 2581 1751 2700 quantitatum

426 2731 641 2846 notione,
674 2731 780 2824 dom
825 2733 1123 2830 interminis
1165 2761 1359 2826 numero
1399 2733 1541 2826 finitis
1587 2757 1752 2848 nequa-

425 2911 562 3001 quam
596 2882 907 3000 consrstamus,
939 2881 1009 2974 sed
1040 2885 1215 3000 integra
1250 2905 1431 2978 utamur
1462 2883 1569 2982 serie
1603 2887 1650 2973 in
1684 2885 1760 2970 in·-

428 3035 610 3126 linitum
642 3035 980 3154 progrediente.
1011 3039 1173 3154 Neque
1215 3039 1304 3129 alio
1347 3035 1483 3126 modo
1527 3034 1657 3128 series
1688 3035 1755 3150 ip

429 3185 496 3278 sus
529 3188 1754 3307 convergentes‚quantitatuntfinitarumlooo‚eqoa··

430 3367 531 3431 rum
565 3340 829 3470 evolutione
860 3343 1017 3456 genitae
1049 3339 1176 3457 sunt,
1211 3341 1419 3461 usurpare
1449 3341 1591 3432 licet.
1630 3343 1756 3452 Quo·

430 3489 692 3607 tiescunque
732 3493 855 3580 enirn
896 3493 1083 3580 termini
1133 3519 1325 3584 numero
1369 3485 1614 3609 liniti‘pro
1664 3485 1759 3606 ipsa

393 3641 540 3752 aferic
573 3641 834 3760 sumuntur,
868 3641 936 3732 vis
969 3669 1123 3732 revera
1155 3643 1294 3760 rigori
1323 3641 1654 3737 mathematico
1689 3641 1759 3728 in·

430 3796 598 3912 fertur,
644 3789 692 3887 ὅ(
733 3821 841 3886 vero
884 3797 1091 3913 proxima
1131 3823 1216 3914 pro
1238 3800 1375 3889 ueris
1414 3795 1762 3913 subrogantur,

433 3974 620 4064 praxeos
650 3965 831 4043 tanturn
862 3945 1093 4042 facilitatis
1120 3949 1291 4068 gratia.
1655 3950 1658 3958 '
