4074 5252
736 262 1109 362 SEGTIO
1173 267 1225 356 11
1525 279 1580 398 {3

295 549 511 684 existente
529 461 669 711 2}-
708 546 909 640 termino
941 541 1070 642 seriei
1099 542 1327 661 generali.
1354 511 1457 638 Erit
1480 547 1636 669 itaque

295 773 549 882 Terminus
581 767 772 890 quilibet
817 765 872 861 ad
903 717 1121 887 'proxime
1162 765 1540 887 subsequentem,
1585 786 1637 864 ut

304 975 308 984 ¹
477 1000 588 1090 Y··¹
671 995 731 1085 Y*
939 1015 959 1078 1
1071 1021 1130 1084 1.
1489 1067 1494 1074 .

481 1105 790 1245 {7:513}
834 1096 882 1189 t:
927 1099 1000 1238 *Y*
1058 1095 1189 1242 *X-:ss
1237 1080 1448 1171 X2=Y'

291 1371 436 1470 Prout
475 1373 615 1493 igitur
655 1376 704 1466 in
746 1373 1094 1466 denominatum
1138 1367 1372 1468 frabiionis
1419 1373 1555 1466 suerit
1587 1379 1630 1468 X

289 1525 438 1646 majus
470 1529 540 1621 vel
573 1529 726 1620 minus
755 1511 893 1646 quam
925 1529 995 1644 Y,
1026 1545 1160 1620 erunt
1204 1529 1253 1616 in
1295 1526 1404 1620 serie
1450 1546 1630 1620 antece-

290 1675 448 1774 dentes
477 1683 662 1774 termini
696 1683 903 1800 proxime
933 1677 1300 1797 subsequentibus
1331 1676 1522 1798 majores
1556 1678 1630 1771 vel
1707 1737 1710 1742 -

237 1923 251 1946 ,
292 1835 522 1949 minores,
566 1835 706 1926 Series
752 1829 922 1926 &ilicet
967 1833 1180 1926 terminis
1221 1831 1444 1926 constabit
1485 1831 1634 1924 decre·

289 1980 547 2102 scentibus,
580 1983 654 2076 vel
699 1982 999 2076 crescentibus
1039 1987 1089 2074 in
1131 1985 1403 2079 infinitum.
1441 1987 1633 2081 Certum

1544 2171 1565 2232 Ι

290 2243 505 2344 praterea
535 2221 625 2344 est,
658 2222 732 2317 vel
763 2219 894 2316 series
919 2222 1147 2318 continuo
1179 2221 1235 2316 ad
1270 2221 1632 2385 valoremffi

291 2445 536 2566 acccedat,
568 2445 642 2540 vel
674 2445 731 2538 ab
764 2471 819 2539 eo
852 2444 1056 2564 recedat,
1088 2443 1313 2565 idipsum,
1345 2443 1474 2540 seriei
1506 2473 1633 2543 com·

288 2598 541 2716 positione,
574 2598 812 2719 reproduci
843 2597 1031 2716 debere,
1061 2627 1101 2691 a
1142 2627 1235 2718 quo
1266 2625 1355 2720 ope
1397 2587 1657 2692 resolutio-⁴

279 2753 359 2843 nis
390 2749 522 2845 series
551 2771 656 2846 orta
701 2751 795 2842 est.
835 2753 894 2843 Et
938 2751 1161 2872 quoniam
1193 2748 1320 2844 nulla
1362 2749 1426 2844 est
1466 2743 1634 2872 ratio,

287 2933 381 3024 qua
421 2903 630 2998 divisioni
671 2931 788 2997 unus
827 2902 1017 3024 potius,
1062 2929 1200 3021 quam
1236 2903 1363 2998 alter
1393 2903 1523 2998 limes
1553 2933 1632 3000 ne·

113 3185 118 3194 ,
284 3057 472 3152 cessario
505 3055 839 3178 proscribatur,
871 3075 968 3148 tam
999 3056 1049 3146 ir'r
1093 3055 1303 3150 terminis
1348 3083 1540 3152 numero
1579 3055 1632 3148 fi-

286 3212 426 3326 nitis,
456 3239 595 3330 quam
628 3215 679 3302 in
710 3208 932 3324 infinitis,
973 3199 1245 3328 frasiionem
1271 3209 1429 3332 ipsam
1470 3235 1628 3332 perpe-

283 3381 370 3460 tuo
383 3361 524 3454 Series
555 3357 785 3453 restituere
814 3357 974 3452 debet.
1001 3361 1346 3480 Composrtione
1376 3365 1532 3482 itaque
1572 3363 1632 3456 ri-

283 3531 332 3607 te
363 3511 627 3636 perhabita,
677 3511 933 3632 ubicunque
973 3511 1046 3604 vei
1088 3515 1137 3607 in
1180 3515 1389 3609 terminis
1434 3543 1660 3648 numero·

283 3665 426 3758 finitis
468 3665 541 3760 vel
583 3665 780 3758 infinitis
811 3663 1137 3787 consistamus,
1182 3667 1294 3760 serie
1341 3691 1450 3759 vero
1482 3667 1627 3787 posrta

280 3837 381 3912 tam
412 3817 696 3912 decrescente
726 3845 865 3938 quarn
898 3818 1126 3913 crescente
1156 3818 1520 3941 quoquomodo,
1557 3849 1626 3914 ra·

282 3973 414 4066 tione
444 3969 500 4064 ab
533 3967 626 4092 ipsa
653 3971 794 4062 Seriei
826 3969 971 4090 genesi
1002 3973 1180 4094 petita,
1214 3969 1407 4066 eandem
1449 3971 1624 4096 semper

976 4153 998 4219 1

920 4209 1090 4378 ᾗ,
1123 4211 1519 4310 demonstrandum
1542 4213 1630 4312 esi.

281 4433 473 4559 Aliquid
503 4436 643 4553 igitur
667 4433 776 4570 ¹addi
807 4433 980 4564 semper
1008 4435 1172 4538 debere
1202 4439 1384 4556 Seriei,
1424 4463 1519 4554 que¹
1565 4431 1622 4526 ad

1210 4647 1215 4656 -
1404 4611 1566 4696 verum

283 4211 553 4308 reviviscere
584 4211 891 4331 quantitatem
