4074 5252
702 249 1075 388 securo
1136 237 1197 362 11.
1489 298 1542 398 ςι

264 465 661 588 ,divergentium
704 468 862 587 tueri,
908 482 1045 590 atque
1085 465 1143 563 ab
1172 463 1388 566 omnibus
1430 469 1610 590 injuriis

265 685 298 741 „
329 620 561 718 vindicare
593 623 869 744 poterimus.

391 781 568 872 Harere
600 779 751 897 primo
783 779 868 871 Vir
899 775 1281 898 sapientilfimus,
1323 777 1479 900 aliquo
1510 806 1611 876 mo-

265 925 350 1048 do,
383 929 563 1024 videtur
593 933 715 1025 circa
744 929 877 1027 series
907 930 1214 1052 divergentes,
1247 961 1307 1026 an
1340 931 1511 1030 seilicet
1535 931 1612 1028 ad·

266 1085 393 1176 mitti
426 1082 619 1178 debeant
651 1113 735 1179 nec
767 1114 852 1178 ne.
883 1089 1001 1180 Cum
1038 1115 1145 1180 vero
1178 1085 1354 1188 easdem
1387 1085 1611 1207 nusquam

263 1238 315 1328 in
348 1266 547 1332 errorem
580 1239 799 1333 induxisse
830 1239 1104 1360 confideret,
1138 1241 1283 1334 nodum
1316 1236 1400 1355 fibi
1433 1235 1613 1364 stalvete-

264 1389 361 1480 dum
390 1388 571 1516 relinqui
601 1388 916 1517 difficillimum,
949 1396 1053 1504 ait,
1093 1392 1144 1490 id
1185 1397 1342 1514 itaque
1373 1393 1612 1488 consilium

262 1543 539 1664 ingreditur,
572 1567 653 1666 ut,
685 1565 864 1641 mutata
904 1546 1086 1642 summa
1127 1545 1433 1675 definitione,
1479 1543 1610 1640 usum

265 1712 405 1817 atque
446 1701 694 1793 utilitatem
734 1704 958 1797 Serierunt
1000 1697 1336 1820 divergentium
1375 1697 1610 1792 uindicare

265 1868 480 1944 conetur.
510 1855 596 1945 Rei
629 1853 945 1947 difficultatem
979 1853 1073 1976 ipsa
1105 1853 1279 1948 consrlii
1320 1854 1440 1948 ratio
1483 1879 1610 1946 com·
1665 1851 1669 1860 ’

268 2003 435 2120 probat
467 2003 730 2097 manifesto.
761 2009 873 2097 Non
912 2009 1065 2098 omnis
1106 2005 1260 2122 enim,
1300 2004 1385 2102 tali
1428 1999 1609 2124 palio,

261 2151 501 2247 dubitandi
533 2155 640 2250 ansa
671 2155 845 2252 sublata
877 2155 963 2276 est,
996 2185 1081 2252 nec
1120 2157 1320 2250 omnino
1359 2153 1613 2276 quaestioni·

261 2303 343 2398 bus
388 2305 625 2428 satisfieri,
671 2309 803 2404 facile
848 2308 1144 2432 perpendenti
1187 2327 1316 2432 patet
1340 2373 1365 2444 .’
1406 2313 1611 2404 Ponatur

261 2457 438 2580 reapse,
470 2465 777 2583 quantitatem
810 2463 1016 2584 finitam,
1049 2462 1168 2558 unde
1198 2459 1331 2557 series
1361 2479 1465 2555 orta
1510 2459 1608 2580 est,

122 2633 125 2638 ’
261 2639 346 2730 pro
377 2612 488 2708 serie
520 2615 918 2738 ipladiuergente,
950 2615 1228 2736 velserient,
1258 2614 1612 2736 ejusdemquanss

261 2768 410 2860 titatis
442 2768 579 2863 finita
610 2769 742 2891 loco,
773 2789 878 2864 tuto
910 2769 1027 2866 sumi
1058 2769 1206 2890 polle.
1237 2768 1459 2888 Etiamsi,
1504 2765 1614 2860 defi·

263 2924 457 3016 nitionis
489 2926 562 3042 vi,
594 2927 903 3044 quantitatem
936 2942 1119 3016 tantum
1152 2915 1614 3014 sumtamesseintel·

259 3071 456 3195 ligatur,
487 3077 592 3170 loco
623 3078 789 3196 Seriei,
823 3105 878 3170 ex
913 3072 1040 3194 cuius
1071 3073 1338 3168 evolutione
1370 3069 1501 3166 series
1531 3087 1614 3165 n'a·

260 3242 312 3317 ta
343 3226 432 3344 est,
466 3229 538 3320 vel
568 3227 755 3345 seriem,
789 3230 894 3323 loco
926 3225 1122 3346 ejusdem
1144 3228 1446 3345 quantitatis,
1477 3243 1612 3347 utpo-

260 3397 308 3472 te
340 3379 560 3499 exipsius
593 3379 870 3474 resolutione
912 3382 1157 3500 genitam,
1203 3375 1308 3472 adiu
1352 3399 1510 3474 tamen
1554 3376 1610 3471 fit

259 3536 406 3626 tacita
437 3531 711 3654 suppositio,
743 3534 934 3628 alteram
957 3531 1089 3628 alteri
1110 3529 1328 3652 aqualem
1361 3533 1472 3651 else3
1497 3532 1613 3624 alio-
1662 3637 1665 3648 ,

258 3689 372 3811 quin
404 3683 658 3782 substitutio
690 3685 789 3779 fieri
822 3717 917 3788 non
951 3686 1118 3804 posset,
1150 3683 1375 3778 incolumi
1419 3683 1607 3804 quanti·

261 3861 413 3936 tatum
444 3839 585 3934 altera
601 3839 731 3960 alteri
744 3835 1439 3958 subrogandarumeonditione.
1469 3830 1610 3954 Quod

264 3991 468 4115 profesio
499 3996 620 4089 idem
652 3991 745 4114 ipse
777 3991 839 4086 est
879 3989 1133 4112 questionis
1174 3987 1345 4084 cardo.
1385 3987 1612 4084 Definitio

264 4151 422 4268 itaque
452 4144 798 4244 Prasiantilsrmi
829 4141 977 4238 Euleri
1008 4141 1213 4240 consulte
1258 4140 1442 4264 quidem
1486 4147 1615 4238 inve-

264 4297 363 4420 ἂι,
397 4319 544 4420 atque.
566 4299 802 4434 retinenda
832 4297 1046 4410 uidetur.
1086 4303 1311 4394 Serierum
1344 4317 1501 4394 tamen
1548 4293 1614 4386 di·

263 4459 553 4583 vergentium
583 4453 837 4555 Theotium
867 4455 1024 4578 aliquo
1069 4451 1194 4550 secus
1236 4453 1450 4554 tuendam
1495 4445 1613 4572 else,
1765 4439 1779 4455 ”

1073 4633 1162 4724 ga
1408 4619 1550 4722 atque
