4074 5252
723 291 1219 386 stertunt
1373 375 1376 382 .
1509 298 1565 424 m

300 514 387 605 ne,
415 481 540 607 quod
570 482 620 578 in
644 482 863 603 explicite
890 479 1158 602 completis,
1199 479 1415 601 explicite
1446 513 1629 608 quoque

294 639 633 758 complementa
664 633 961 751 affiguentur:
990 635 1042 728 'in
1073 633 1266 728 seriebus
1299 615 1511 732 verosrne
1536 639 1626 733 fine

298 787 729 909 progredientibus,
770 785 844 880 uel
881 786 1106 906 implicito
1163 787 1450 908 eompletis,
1500 821 1628 884 com·

297 942 527 1060 plementa
553 939 738 1060 quidem
768 937 975 1058 involvi,
1014 935 1089 1036 sed
1125 941 1480 1062 potentialiter,
1525 969 1630 1038 cen·

294 1091 481 1190 sendum
511 1093 591 1188 lit.

639 1395 1165 1490 scuonlou
1242 1401 1277 1490 n

834 1697 1095 1818 §.mm

412 2007 461 2098 ti
492 2031 588 2123 quae
619 1998 844 2118 hucusque
877 2000 1113 2092 attulimus
1141 1997 1216 2094 nel
1244 1998 1338 2090 levi
1364 2005 1628 2100 attentione

293 2156 658 2277 perpendantur,
712 2151 843 2246 facile
884 2150 1048 2244 inferre
1079 2149 1264 2267 lice'b'it,
1297 2179 1351 2241 ex
1378 2155 1631 2276 impropria

294 2329 504 2428 tantum,
535 2329 672 2428 atque
699 2303 981 2422 incompleta
1013 2301 1365 2420 compositione,
1396 2301 1527 2398 series
1561 2309 1630 2400 di·

296 2481 569 2580 torpenter,
597 2458 740 2552 modo
780 2457 926 2552 ¹ueluti
961 2451 1130 2571 salsm,
1172 2453 1310 2546 modo
1353 2455 1407 2548 ad
1447 2457 1632 2553 absurda

294 2610 565 2706 deducentes
591 2609 751 2731 passum
779 2607 1080 2702 confideratas
1111 2605 1258 2698 luisse,
1292 2611 1514 2722 Quonam
1553 2642 1632 2730 pa·

292 2757 400 2880 clo,
429 2791 582 2882 quoue
605 2759 708 2882 'jure
737 2763 1042 2879 quantitatem
1072 2756 1286 2875 finitam,
1318 2787 1345 2850 a
1375 2789 1465 2878 qua
1496 2759 1628 2856 series

277 2913 354 3004 'est
386 2909 570 3031 edulia,
600 2940 708 3006 cum
736 2909 849 3009 serie
880 2907 998 3028 ipsa,
1028 2910 1228 3012 naturali
1267 2911 1622 3028 complemento

288 3065 535 3184 mutilata,
567 3089 830 3183 comparere
862 3057 1204 3156 contendimus?
1243 3055 1455 3176 neglectis
1492 3063 1626 3184 scqui-

287 3216 398 3307 ulem
431 3218 481 3308 in
511 3211 777 3310 colletlione
818 3215 1057 3332 partium,
1102 3241 1196 3330 que
1229 3209 1366 3306 series
1405 3215 1627 3335 implicite

295 3365 559 3481 inuoluere,
591 3381 754 3456 nature
779 3361 879 3483 ipsa
908 3362 1196 3460 resolutionis
1225 3383 1437 3484 petente,
1474 3367 1628 3463 neces·

289 3517 414 3608 sario
445 3513 743 3610 existimante
774 3515 901 3632 sunt,
927 3543 1118 3634 quoqne
1146 3516 1277 3610 nullo
1307 3517 1446 3614 modo
1487 3521 1629 3638 negli÷

288 3671 341 3781 gi
373 3665 561 3782 debent,
593 3695 740 3784 neque
768 3669 1072 3784 quantitates,
1105 3697 1200 3784 que
1240 3671 1293 3762 in
1332 3687 1483 3788 partes
1525 3669 1631 3764 sunt

291 3811 399 3914 etin
433 3814 656 3932 resolute,
688 3815 888 3932 restitui,
918 3843 1066 3934 oeque
1096 3816 1284 3910 absurdo
1325 3821 1489 3912 evitari
1521 3851 1631 3940 que·

297 3989 404 4059 unt.
432 3969 572 4059 Series
601 3959 806 4086 profecto
838 3964 1097 4084 divensem,
1129 3987 1263 4086 prout
1292 3965 1534 4092 objicitur,
1569 3955 1626 4075 ex
1667 3959 1669 3967 ⁸

256 4119 504 4208 ‚terminis
551 4119 776 4211 continuo
815 4115 1117 4210 crescentibus
1164 4117 1457 4242 coalescens,
1505 4127 1629 4220 nulla

297 4265 635 4384 Complememi
665 4267 910 4362 necessario
955 4269 1260 4362 considerandi
1304 4271 1458 4367 habita
1489 4281 1627 4370 ratio·

301 4445 387 4534 ne,
428 4445 532 4512 cum
574 4421 667 4538 ipsa
712 4424 1028 4540 quantitatea
1068 4451 1157 4539 qua
1196 4449 1277 4542 per
1315 4427 1624 4520 evolutionem

1425 4603 1569 4696 gignif-
