4074 5252
505 314 570 402 μ
868 281 1345 376 SEGTIOEZ

441 457 539 528 tum
558 501 582 550 ,-
603 429 854 526 initialibus
888 457 1068 530 tuntum
1098 439 1277 557 aliquot
1310 437 1490 557 praedita
1522 435 1775 532 decrescen-

438 589 590 704 tibus,
637 587 899 679 differentiis
946 595 1099 682 etiam·
1130 593 1626 710 fingulorutlt'parium
1672 585 1774 684 ablu

439 741 621 832 sumtis,
652 746 758 858 Quo
793 743 925 861 plane
957 744 1232 863 ostenditur,
1264 745 1435 840 etiamst
1460 743 1589 837 series
1615 747 1770 838 termi

436 893 504 987 nis
536 899 731 1004 donetur
762 899 1020 1042 alternatim
1044 815 1253 1016 uosrttvls
1285 897 1332 1004 da
1366 902 1622 1072 negativis,
1639 895 1771 988 diffe-

440 1049 634 1137 rentiam
668 1031 822 1139 tameo
858 1029 1125 1142 serierum
1115 1081 1162 1142 ιιι
1170 1017 1436 1143 lnstnitum
1481 1053 1771 1142 continuata·

436 1229 534 1288 tum
571 1201 686 1292 ltaud
719 1199 802 1292 else
834 1189 1038 1320 finitam,
1074 1189 1213 1295 telutl
1247 1235 1338 1296 non
1375 1233 1476 1294 raro
1509 1209 1556 1294 in
1578 1194 1768 1321 ιιιιῖιιιο·Ι
1882 1207 1885 1218 ’

432 1348 480 1438 di
512 1355 704 1446 seriebus·
736 1337 1290 1474 volutandis'bontingere
1323 1360 1569 1448 novimus.'

827 1639 1376 1802 ειῑιιιιιιιιιι.

920 2039 1252 2184 'uitat‘
1649 1979 1712 2172 ‚s

555 2313 743 2406 Nodum
776 2315 853 2406 hic
884 2311 1029 2406 rursus
1059 2314 1207 2410 solutu
1227 2313 1460 2410 difficilem
1492 2315 1659 2434 obiici,
1694 2319 1766 2405 tire

439 2495 531 2562 non
566 2485 819 2586 monente,
853 2490 1064 2587 apparet.
1095 2473 1357 2562 Binomium
1400 2468 1615 2588 ssquidem
1656 2470 1766 2558 Car·

433 2617 538 2709 dani
571 2622 618 2710 in
652 2649 813 2739 genere
844 2620 1086 2740 quidpiam
1110 2621 1194 2716 esse
1228 2621 1470 2716 necessario
1493 2621 1640 2742 reale,
1673 2645 1766 2712 ιιοιι

434 2772 617 2888 quidem
650 2777 784 2866 meris
817 2767 919 2865 freti
951 2773 1300 2894 suspicionibus,
1334 2775 1405 2867 uel
1447 2775 1631 2867 virtuali
1663 2801 1770 2892 pett-

431 2921 629 3044 satione,
662 2926 733 3018 sed
767 2928 1031 3020 certioribus
1064 2929 1326 3021 Carterianae
1360 2925 1558 3040 Algebrae
1600 2927 1768 3044 princi-

432 3081 542 3197 piis,
575 3079 823 3200 regulisque
853 3083 1025 3198 innixi,
1068 3079 1472 3172 demonstravimus
1517 3073 1771 3168 luculenter

433 3221 456 3351 (
491 3229 524 3350 l·
551 3257 695 3325 nunt.
725 3227 768 3354 ).
799 3235 971 3327 Verum
1003 3233 1218 3327 Binomio
1250 3231 1300 3323 in
1332 3229 1495 3324 seriem
1519 3226 1770 3350 converso,

433 3387 636 3502 quadam
667 3385 719 3478 fit
747 3387 892 3480 veluti
925 3392 1234 3507 quantitatum
1268 3385 1563 3501 disgregatio,
1596 3409 1773 3502 quaea-

434 3535 562 3631 suum
596 3533 967 3632 irredudlibilium
1000 3535 1155 3641 Classis
1189 3537 1330 3628 veluti
1361 3534 1568 3654 quadam’
1578 3533 1652 3627 ab
1672 3533 1771 3624 aliis

434 3683 775 3813 quodammodo
807 3688 1091 3816 dissociatur.
1121 3694 1247 3810 Dum
1281 3691 1402 3782 enim
1436 3691 1570 3784 certis
1589 3705 1774 3780 tautum

437 3847 604 3938 casabus
637 3844 767 3939 series
798 3847 1111 3966 quantitatum
1156 3843 1391 3965 respondet
1432 3843 1658 3935 continuo
1701 3837 1775 3931 do

437 3995 760 4116 crescentium,
794 4019 931 4120 atque
962 3997 1138 4094 summa
1169 3995 1353 4119 prodita
1392 3997 1562 4111 finita,
1603 3992 1774 4086 cureris

436 4147 650 4247 omnibus
681 4147 813 4243 series
828 4150 979 4272 prodit
1009 4153 1287 4246 exterminia
1317 4143 1773 4245 continuoscrescm·

436 4307 556 4424 tibus
586 4303 809 4425 conflata,
842 4323 980 4426 atque
1010 4303 1187 4398 summa
1216 4304 1399 4425 predita
1431 4301 1599 4398 valoris
1619 4295 1771 4391 inlini·

437 4480 482 4554 te
513 4459 687 4581 magni·
720 4455 959 4560 Uudeoam
991 4459 1247 4592 implicatio
1278 4459 1405 4580 ltac,
1440 4464 1492 4557 nt
1522 4441 1780 4579 quantitati¹

1547 4607 1712 4740 finita,
