4074 5252
517 250 580 372 98
867 254 1239 347 suerio
1301 197 1422 354 iu·

862 609 1280 710 COROLL.
1341 615 1404 707 11.

993 998 1033 1120 t.
1093 1003 1302 1093 Lxxv.

516 1369 634 1460 Cum
669 1370 808 1488 igitur
837 1368 978 1462 series
1009 1368 1065 1462 ab
1097 1371 1361 1464 evolutione
1391 1387 1491 1465 tum
1525 1363 1800 1461 fratiionum

444 1547 561 1640 vcum
592 1520 868 1616 Potestatum
898 1521 1059 1615 indicis
1090 1517 1219 1614 fraiii
1259 1521 1457 1616 oriunda
1498 1549 1523 1611 e
1566 1521 1801 1640 divergen·

454 1672 575 1766 tibus
606 1655 931 1791 convergeutes
972 1673 1160 1767 evadere
1204 1674 1409 1795 poffint‚
1454 1667 1571 1769 satia
1615 1693 1799 1767 tantum

454 1827 505 1916 in
547 1825 810 1920 euoluendis
849 1827 1180 1946 quantitatibus
1221 1827 1530 1920 membrorum
1571 1845 1799 1946 permuta·

454 1979 610 2096 tione,
643 1980 864 2114 iucolutui
897 1980 1081 2099 valore,
1123 1979 1168 2072 id
1213 1981 1379 2074 inferre
1410 1981 1553 2096 licet,
1598 1979 1795 2094 cryteria

451 2129 570 2224 haud
603 2131 848 2266 admodum
880 2154 1012 2228 erutu
1044 2131 1248 2231 difficilia
1269 2219 1272 2225 .
1293 2131 1434 2254 fore,
1478 2129 1799 2254 dignoscendi²

449 2283 693 2406 siquando
726 2285 783 2380 ad
812 2263 1266 2406 divergentes'Series
1306 2281 1619 2407 quaestionibus
1663 2281 1796 2380 dedu.-

450 2465 637 2558 camur,
668 2439 830 2560 quibus
861 2437 1137 2560 transpofitis
1168 2441 1218 2531 in
1249 2441 1457 2532 terminis
1487 2433 1624 2529 Serie'i
1651 2463 1796 2554 quan,

450 2593 681 2712 titatibus,
715 2612 765 2688 ut
796 2595 937 2688 Series
968 2592 1049 2688 fiat
1090 2622 1370 2714 convergens
1393 2660 1429 2712 ,.
1455 2589 1575 2686 idem
1608 2607 1793 2690 maneat

447 2745 586 2839 Seriei
617 2747 785 2865 valor,
827 2750 1088 2868 quicunque
1129 2747 1313 2840 tandem
1355 2745 1431 2837 iile
1475 2745 1564 2838 fit.
1606 2737 1809 2836 Etiamsi*

447 2901 572 2990 euim
614 2902 752 2993 Seriei
794 2929 978 3020 quoque
1020 2903 1338 3022 converguntis
1382 2899 1543 2992 lateret
1587 2897 1803 3018 summa,

448 3057 669 3190 turmiuos
712 3051 869 3182 saitem
916 3053 1093 3176 aliquot
1147 3058 1195 3150 in
1241 3052 1463 3150 summam
1517 3035 1793 3168 coliigeudos

426 3233 531 3324 „pro
577 3205 752 3305 summa
793 3203 887 3328 ipsa
929 3205 1139 3328 usurpare
1185 3195 1376 3308 licer'et.
1425 3201 1563 3325 Quod
1606 3199 1791 3323 quidem

447 3385 552 3453 cum
585 3365 791 3458 maxima
823 3357 908 3454 effe
939 3357 1073 3482 poiiit
1104 3362 1153 3454 in
1187 3359 1340 3470 arduis¹
1360 3357 1670 3480 quastionibus
1704 3355 1791 3448 uti·-

447 3513 615 3631 litatis,
645 3519 900 3610 Geometris
930 3514 1176 3638 perpendi,
1208 3533 1345 3641 atque
1377 3511 1527 3618 excoli
1559 3509 1663 3620 sane
1696 3535 1790 3610 me·

448 3687 599 3764 retur.
